@Article{ASO08,
author = {T. T. Nguyen and G. Armitage},
title = {A Survey Of Techniques for Internet Traffic Classification Using Machine Learning},
journal = {IEEE Communications Surveys \& Tutorials},
year = {2008},
volume = {10},
number = {4},
pages = {56-76}
}

@InProceedings{PIO13,
author = {J. S. Park and S. H. Yoon and M. S. Kim},
title = {Performance Improvement of Payload Signature-based Traffic Classification System Using Application Traffic Temporal Locality},
booktitle = {Proc. of the 15th Network Operations and Management Symposium (APNOMS)},
year = {2013}
}

@InProceedings{COS04,
author = {M. Roughan and S. Sen and O. Spatscheck and N. Duffield},
title = {Class-of-servicemapping for QoS: a statistical signature-based approach to IP traffic classification},
booktitle = {Proc. of ACM SIGCOMM Conference on Internet Measurement},
year = {2004}
}

@InProceedings{TFT14,
author = {P. C. Lin and S. Y. Chen and C. H. Lin},
title = {Towards Fine-grained Traffic Classification for Web Applications},
booktitle = {Proc. of Australasian Telecommunication Networks and Applications Conference (ATNAC)},
year = {2014}
}

@TechReport{TTC,
author = {P. Schneider},
title = {TCP/IP traffic Classification Based on port numbers},
institution = {Diploma Thesis, Division of Applied Science, Harvard University}
}

@InProceedings{TCI13,
author = {Y. Xue and D. Wang and L. Zhang},
title = {Traffic Classification: Issues and Challenges},
booktitle = {Proc. of the International Conference on Computing, Networking and Communications (ICNC)},
year = {2013}
}

@Article{EMF14,
author = {B. Hullar and S. Laki and A. Gyorgy},
title = {Efficient Methods for Early Protocol Identification},
journal = {IEEE Journal on Selected Areas in Communications},
year = {2014},
volume = {32},
number = {10},
pages = {1907-1918}
}

@InProceedings{EAI06,
author = {L. Bernaille and R. Teixeira and K. Salamatian},
title = {Early application identification},
booktitle = {Proc. of the Conference on Future Networking Technologies},
year = {2006}
}

@InProceedings{ATC13,
author = {H. M. An and M. S. Kim and J. H. Ham},
title = {Application traffic classification using statistic signature},
booktitle = {Proc. of the 15th Asia-Pacific Network Operations and Management Symposium (APNOMS)},
year = {2013}
}

@InProceedings{AIS14,
author = {B. Schmidt, D. Kountanis and A. Al-Fuqah},
title = {Artificial Immune System Inspired Algorithm for Flow-Based Internet Traffic Classification},
booktitle = {Proc. of the IEEE 6th International Conference on Cloud Computing Technology and Science (CloudCom)},
year = {2014}
}

@InProceedings{FPN13,
author = {S. Tapaswi and A. S. Gupta},
title = {Flow-Based P2P Network Traffic Classification Using Machine Learning},
booktitle = {Proc. of the International Conference on Cyber-Enabled Distributed Computing and Knowledge Discovery (CyberC)},
year = {2013}
}

@InProceedings{RTC10,
author = {F. Dehghani and N. Movahhedinia and M. R. Khayyambashi and S. Kianian},
title = {Real-Time Traffic Classification Based on Statistical and Payload Content Features},
booktitle = {International Workshop on Intelligent Systems and Applications (ISA)},
year = {2010}
}

@InProceedings{ASA09,
author = {S. Huang and K. Chen and C. Liu and A. Liang and H. Guan},
title = {A statistical-feature-based approach to internet traffic classification using Machine Learning},
booktitle = {Proc. of the International Conference on Ultra Modern Telecommunications and Workshops (ICUMT)},
year = {2009}
}

@InProceedings{FTC09,
author = {M. Kohara and T. Hori and K. Sakurai and H. Lee and J. C. Ryou},
title = {Flow Traffic Classification with Support Vector Machine by Using Payload Length},
booktitle = {Proc. of the 2nd International Conference on Computer Science and its Applications (CSA)},
year = {2009}
}

@InProceedings{CMF04,
author = {M. Roughan and S. Sen and O. Spatscheck and N. Duffield},
title = {Class-of-Service Mapping for Qos: A Statistical Signature-based Approach to IP Traffic Classification},
booktitle = {Proc. of the Internet Measurement Conference (IMC)},
year = {2004}
}

@InProceedings{COC12,
author = {J. Zhang and C. Chen and Y. Xiang and W. Zhou},
title = {Classification of Correlated Internet Traffic Flows},
booktitle = {Proc. of the 11th IEEE International Conference on Trust, Security and Privacy in Computing and Communications (TrustCom)},
year = {2012}
}

@InProceedings{FBC11,
author = {S. Valenti and D. Rossi},
title = {Fine-grained behavioral classification in the core: the issue of flow sampling},
booktitle = {Proc. of the 7th International Wireless Communications and Mobile Computing Conference (IWCMC)},
year = {2011}
}

@Article{TFT11,
author = {B. Park and J. W. Hong and Y. J. Won},
title = {Toward Fine-Grained Traffic Classification},
journal = {IEEE Communication Magazin},
year = {2011},
volume = {49},
number = {7},
pages = {104-111}
}

@InProceedings{OTP11,
author = {B. Augustin and A. Mellouk},
title = {On Traffic Patterns of HTTP Applications},
booktitle = {Proc. of the IEEE Global Communications Conference (GLOBECOM)},
year = {2011}
}

@InProceedings{DHC11,
author = {R. Archibald and Y. Liu and C. Corbett and D. Ghosal},
title = {Disambiguating HTTP: Classifying web Applications},
booktitle = {Proc. of the 7th International Wireless Communications and Mobile Computing Conference (IWCMC)},
year = {2011}
}

@InProceedings{MAM13,
author = {P. Casas and P. Fiadino},
title = {Mini-IPC: A minimalist approach for HTTP traffic classification using IP addresses},
booktitle = {Proc. of the 9th International Wireless Communications and Mobile Computing Conference (IWCMC)},
year = {2013}
} 

@InProceedings{AAM10,
author = {M. Lee and R. R. Kompella and S. Sing},
title = {Ajaxtracker: active measurement system for high-fidelity characterization of Ajax applications},
booktitle = {Proc. of the 2010 USENIX conference on Web application development (WebApps)},
year = {2010}
}

@InProceedings{MTC09,
author = {S. Veres and D. Ionescu},
title = {Measurement-based traffic characterization for Web 2.0 applications},
booktitle = {Proc. of the IEEE Instrumentation and Measurement Technology Conference (I2MTC)},
year = {2009}
}

@InProceedings{COH08,
author = {L. Shuai and G. Xie and J. Yang},
title = {Characterization of HTTP behavior on access networks in Web 2.0},
booktitle = {Proc. of the International Conference on Telecommunications (ICT)},
year = {2008}
}

@InProceedings{WTM09,
author = {S. Lin and Z. Gao and K. Xu},
title = {Web 2.0 traffic measurement: analysis on online map applications},
booktitle = {Proc. of the 18th International Workshop on Network and Operating Systems Support for digital audio and video, ser. NOSSDAV},
year = {2009}
}

@TechReport{HTTP2,
author = {M. Belshe, BitGo, R. Peon and M. Thomson, Ed.},
title = {Hypertext Transfer Protocol Version 2 (HTTP/2)},
institution = {RFC 7540}
}

@InProceedings{TNW08,
author = {F. Schneider and S. Agarwal and T. Alpcan and A. Feldmann},
title = {The New Web: Characterizing AJAX Traffic},
booktitle = {Proc. of the Passive and Active Measurement Conference},
year = {2008}
}

@Book{DM,
author = {O. Z. Maimon and L. Rokach},
title = {The Data Mining and Knowledge Discovery Handbook},
publisher = {Oded Maimon and Lior Rokach Tel-Aviv (eds.), University Israel},
year = {2005},
}





